%% This BibTeX bibliography file was created using BibDesk.
%% http://bibdesk.sourceforge.net/


%% Created for Christian Rasmussen at 2013-12-19 19:58:18 +0100 


%% Saved with string encoding Unicode (UTF-8) 



@misc{aboutSolr,
	Author = {The Apache Software Foundation},
	Date-Added = {2013-12-19 18:56:28 +0000},
	Date-Modified = {2013-12-19 18:56:59 +0000},
	Howpublished = {\url{http://lucene.apache.org/solr/}},
	Note = {[Online; Accessed 2013-12-19]},
	Title = {Apache Solr},
	Year = {2012}}

@misc{aboutGoogleSearch,
	Author = {Google},
	Date-Added = {2013-12-19 18:53:58 +0000},
	Date-Modified = {2013-12-19 18:58:14 +0000},
	Howpublished = {\url{https://developers.google.com/custom-search/}},
	Note = {[Online; Accessed 2013-12-19]},
	Title = {Custom Search},
	Year = {2013}}

@misc{aboutGoogleTranslate,
	Author = {Google},
	Date-Added = {2013-12-19 18:52:57 +0000},
	Date-Modified = {2013-12-19 18:58:10 +0000},
	Howpublished = {\url{https://developers.google.com/translate/}},
	Note = {[Online; Accessed 2013-12-19]},
	Title = {Google Translate API},
	Year = {2012}}

@misc{aboutTika,
	Author = {The Apache Software Foundation},
	Date-Added = {2013-12-19 18:29:11 +0000},
	Date-Modified = {2013-12-19 18:29:11 +0000},
	Howpublished = {\url{http://tika.apache.org}},
	Note = {[Online; Accessed 2013-12-19]},
	Title = {Apache Tika},
	Year = {2013}}

@misc{aboutClojure,
	Author = {Hickey, Rich},
	Date-Added = {2013-12-19 18:16:06 +0000},
	Date-Modified = {2013-12-19 18:58:18 +0000},
	Howpublished = {\url{http://clojure.org}},
	Note = {[Online; Accessed 2013-12-19]},
	Title = {Clojure},
	Year = {2012}}

@misc{createPlugin,
	Author = {Atlassian},
	Date-Added = {2013-12-19 17:42:49 +0000},
	Date-Modified = {2013-12-19 17:42:49 +0000},
	Howpublished = {\url{https://developer.atlassian.com/display/CONFDEV/Writing+Confluence+Plugins}},
	Note = {[Online; Accessed 2013-12-19]},
	Title = {Writing Confluence Plugins},
	Year = {2013}}

@book{introToIR,
	Author = {Manning, Christopher D. and Raghavan, Prabhakar and Sch{\"u}tze, Hinrich},
	Date-Added = {2013-12-19 16:46:41 +0000},
	Date-Modified = {2013-12-19 16:46:41 +0000},
	Publisher = {Cambridge University Press},
	Read = {0},
	Title = {An Introduction to Information Retrieval},
	Year = {2009}}

@misc{aboutJsoup,
	Author = {Hedley, Jonathan},
	Date-Added = {2013-12-19 16:33:04 +0000},
	Date-Modified = {2013-12-19 18:30:04 +0000},
	Howpublished = {\url{http://jsoup.org}},
	Note = {[Online; Accessed 2013-12-19]},
	Title = {jsoup: Java HTML Parser},
	Year = {2013}}
